@Article{pwscup2021,
  author =	 {Takao Murakami and Hiromi Arai and Koki Hamada and
                  Takuma Hatano and Makoto Iguchi and Hiroaki Kikuchi
                  and Atsushi Kuromasa and Hiroshi Nakagawa and Yuichi
                  Nakamura and Kenshiro Nishiyama and Ryo Nojima and
                  Hidenobu Oguri and Chiemi Watanabe and Akira Yamada
                  and Takayasu Yamaguchi and Yuji Yamaoka},
  title =	 {Designing a Location Trace Anonymization Contest},
  journal =	 {CoRR},
  year =	 {2021}
}


@InProceedings{haspc2021,
  title = 	 {Hide-and-Seek Privacy Challenge: Synthetic Data Generation vs. Patient Re-identification},
  author =       {Jordon, James and Jarrett, Daniel and Saveliev, Evgeny and Yoon, Jinsung and Elbers, Paul and Thoral, Patrick and Ercole, Ari and Zhang, Cheng and Belgrave, Danielle and van der Schaar, Mihaela},
  booktitle = 	 {Proceedings of the NeurIPS 2020 Competition and Demonstration Track},
  pages = 	 {206--215},
  year = 	 {2021},
  volume = 	 {133},
  series = 	 {Proceedings of Machine Learning Research},
  publisher =    {PMLR}
}

@article{Dwork2014TheAF,
  title =	 {The Algorithmic Foundations of Differential Privacy},
  author =	 {Cynthia Dwork and Aaron Roth},
  journal =	 {Found. Trends Theor. Comput. Sci.},
  year =	 {2014},
  volume =	 {9},
  pages =	 {211-407}
}

@inproceedings{Dwork2006CalibratingNT,
  title =	 {Calibrating Noise to Sensitivity in Private Data
                  Analysis},
  author =	 {Cynthia Dwork and Frank McSherry and Kobbi Nissim
                  and Adam D. Smith},
  booktitle =	 {Theory of Cryptography Conference},
  year =	 {2006}
}

@inproceedings{Jordon2019PATEGANGS,
  title =	 {PATE-GAN: Generating Synthetic Data with
                  Differential Privacy Guarantees},
  author =	 {James Jordon and Jinsung Yoon and Mihaela van der
                  Schaar},
  booktitle =	 {ICLR},
  year =	 {2019}
}

@Conference{vpc2020,
  author =	 {Natalia Tomashenko and Brij Mohan Lal Srivastava and
                  Xin Wang and Emmanuel Vincent and Andreas Nautsch
                  and Junichi Yamagishi and Nicholas Evans and Jose
                  Patino and Jean-François Bonastre and Paul-Gauthier
                  Noé and Massimiliano Todisco},
  title =	 {The VoicePrivacy 2020 Challenge Evaluation Plan},
  booktitle =	 {Odyssey: The Speaker and Language Recognition
                  Workshop},
  year =	 {2020},
  URL =
                  {https://www.voiceprivacychallenge.org/docs/VoicePrivacy_2020_Eval_Plan_v1_3.pdf}
}

@TechReport{ridgeway2021,
  author =	 {Diane Ridgeway and Mary F. Theofanos and Terese
                  W. Manley and Christine Task},
  title =	 {Challenge Design and Lessons Learned from the 2018
                  Differential Privacy Challenges},
  institution =	 {National Institute of Standards and Technology},
  year =	 {2021},
  type =	 {NIST Technical Note},
  number =	 {2151},
  month =	 apr,
  doi =		 {10.6028/NIST.TN.2151}
}

@Conference{Lu2007FeatureSU,
  title =	 {Feature selection using principal feature analysis},
  author =	 {Yijuan Lu and Ira Cohen and Xiangsean Zhou and Qi
                  Tian},
  booktitle =	 {Proceedings of the 15th ACM international conference
                  on Multimedia},
  year =	 2007,
  doi =		 {10.1145/1291233.1291297}
}

@article{mckenna_winning_2021,
  title =	 {Winning the {NIST} Contest: A scalable and general
                  approach to differentially private synthetic data},
  journal =	 {CoRR},
  author =	 {{McKenna}, Ryan and Miklau, Gerome and Sheldon,
                  Daniel},
  year =	 {2021}
}



@inproceedings{privatepgm19,
  author =	 {Ryan McKenna and Daniel Sheldon and Gerome Miklau},
  title =	 {Graphical-model based estimation and inference for
                  differential privacy},
  booktitle =	 {Proceedings of the 36th International Conference on
                  Machine Learning, {ICML} 2019},
  series =	 {Proceedings of Machine Learning Research},
  volume =	 {97},
  pages =	 {4435--4444},
  publisher =	 {{PMLR}},
  year =	 {2019}
}



# Papers describing synthetic data generation modules
@article{SOT21,
	title = {Synthetic Data -- Anonymisation Groundhog Day},
	url = {http://arxiv.org/abs/2011.07018},
	journaltitle = {{arXiv}:2011.07018 [cs]},
	author = {Stadler, Theresa and Oprisanu, Bristena and Troncoso, Carmela}
}
@inproceedings{PWV16,
  author={N. {Patki} and R. {Wedge} and K. {Veeramachaneni}},
  booktitle={2016 IEEE International Conference on Data Science and Advanced Analytics (DSAA)},
  title={The Synthetic Data Vault},
  year={2016},
  pages={399-410},
  doi={10.1109/DSAA.2016.49},
  month={Oct}
}

# GitHub repositories
@online{GitHubSyntheticDataRelease,
	title = {Privacy evaluation framework for synthetic data publishing},
	url = {https://github.com/spring-epfl/synthetic_data_release},
	author = {spring-epfl},
	date = {2021},
	year = 2021,
	note = {accessed on 2021-08-20}
}

@online{GitHubSyntheticDataVault,
	title = {The Synthetic Data Vault},
	url = {https://github.com/sdv-dev/SDV},
	author = {sdv-dev},
	date = {2021},
	year = 2021,
	note = {accessed on 2021-08-20}
}

@Conference{yeom2018,
  author =       {Yeom, Samuel and Giacomelli, Irene and Fredrikson, Matt and Jha, Somesh},
  title =        {Privacy Risk in Machine Learning: Analyzing the Connection to
                  Overfitting},
  booktitle =    {The 31st IEEE Computer Security Foundations Symposium},
  series =       {CSF},
  year =         {2018},
  month =        jul,
  address =      {Oxford, UK},
  doi =          {10.1109/CSF.2018.00027}
}

@Conference{Liu2008IsolationF,
  title={Isolation Forest},
  author={Fei Tony Liu and Kai Ming Ting and Zhi-Hua Zhou},
  booktitle={The Eighth IEEE International Conference on Data Mining},
  year={2008},
  month=dec,
  address={Pisa, Italy},
  series={ICDM},
  doi={10.1109/ICDM.2008.17}
}

@inproceedings{boutet:hal-02512677,
  TITLE =	 {{DARC : Data Anonymization and Re-identification
                  Challenge}},
  AUTHOR =	 {Boutet, Antoine and Cunche, Mathieu and Gambs,
                  S{\'e}bastien and Nguyen, Benjamin and Laurent,
                  Antoine},
  URL =		 {https://hal.inria.fr/hal-02512677},
  BOOKTITLE =	 {{RESSI 2020 - Rendez-vous de la Recherche et de
                  l'Enseignement de la S{\'e}curit{\'e} des
                  Syst{\`e}mes d'Information}},
  YEAR =	 {2020}
}

@article{copulashirley,
  author =	 {Sébastien Gambs and Frédéric
                  Ladouceur and Antoine Laurent and Alexandre
       Roy-Gaumond},
  title =	 {Growing synthetic data through
   differentially-private vine copulas},
  journal =	 {Proc. Priv. Enhancing Technol.},
  volume =	 {2021},
  number =	 {3},
  pages =	 {122--141},
  year =	 {2021},
  doi =		 {10.2478/popets-2021-0040}
}

@inproceedings{privbayes,
  author =	 {Zhang, Jun and Cormode, Graham and Procopiuc,
                  Cecilia M. and Srivastava, Divesh and Xiao, Xiaokui},
  title =	 {PrivBayes: Private Data Release via Bayesian
                  Networks},
  year =	 {2014},
  doi =		 {10.1145/2588555.2588573},
  booktitle =	 {Proceedings of the 2014 ACM SIGMOD International
                  Conference on Management of Data},
  series =	 {SIGMOD'14}
}

@article{Hu2021MembershipIA,
  title =	 {Membership Inference Attacks on Machine Learning: A
                  Survey},
  author =	 {Hongsheng Hu and Zoran A. Salcic and Lichao Sun and
                  Gillian Dobbie and P. Yu and Xuyun Zhang},
  journal =	 {ACM Computing Surveys (CSUR)},
  year =	 {2021},
  volume =	 {54},
  pages =	 {1 - 37}
}


@inproceedings{Stadler2020SyntheticD,
  title =	 {Synthetic Data - Anonymisation Groundhog Day},
  author =	 {Theresa Stadler and Bristena Oprisanu and Carmela
                  Troncoso},
  booktitle =	 {USENIX Security Symposium},
  year =	 {2020}
}

@dataset{epi_microdata,
  author  = {Economic Policy Institute},
  title   = {Current Population Survey Extracts},
  year    = {2023},
  version = {1.0.39},
  url     = {https://microdata.epi.org/},
}

@dataset{beziaud_louis_2023_7858326,
  author       = {Béziaud, Louis},
  title        = {SNAKE CPS},
  month        = apr,
  year         = 2023,
  publisher    = {Zenodo},
  version      = {1.2.0},
  doi          = {10.5281/zenodo.7858326},
  url          = {https://doi.org/10.5281/zenodo.7858326}
}

@article{Dwork2014TheAF,
  title={The Algorithmic Foundations of Differential Privacy},
  author={Cynthia Dwork and Aaron Roth},
  journal={Found. Trends Theor. Comput. Sci.},
  year={2014},
  volume={9},
  pages={211-407}
}

@misc{goodfellow2014generative,
      title={Generative Adversarial Networks},
      author={Ian J. Goodfellow and Jean Pouget-Abadie and Mehdi Mirza and Bing Xu and David Warde-Farley and Sherjil Ozair and Aaron Courville and Yoshua Bengio},
      year={2014},
      eprint={1406.2661},
      archivePrefix={arXiv},
      primaryClass={stat.ML}
}

@article{Papernot2016SemisupervisedKT,
  title={Semi-supervised Knowledge Transfer for Deep Learning from Private Training Data},
  author={Nicolas Papernot and Mart{\'i}n Abadi and {\'U}lfar Erlingsson and Ian J. Goodfellow and Kunal Talwar},
  journal={ArXiv},
  year={2016},
  volume={abs/1610.05755}
}